%YAML 1.1
%TAG !u! tag:unity3d.com,2011:
--- !u!1 &7124833663442862206
GameObject:
  m_ObjectHideFlags: 0
  m_CorrespondingSourceObject: {fileID: 0}
  m_PrefabInstance: {fileID: 0}
  m_PrefabAsset: {fileID: 0}
  serializedVersion: 6
  m_Component:
  - component: {fileID: 7124833663442862204}
  - component: {fileID: 753941321509218439}
  - component: {fileID: 5849458881528876176}
  - component: {fileID: 503539337156198636}
  m_Layer: 0
  m_Name: PuertaEspejo
  m_TagString: Untagged
  m_Icon: {fileID: 0}
  m_NavMeshLayer: 0
  m_StaticEditorFlags: 0
  m_IsActive: 1
--- !u!4 &7124833663442862204
Transform:
  m_ObjectHideFlags: 0
  m_CorrespondingSourceObject: {fileID: 0}
  m_PrefabInstance: {fileID: 0}
  m_PrefabAsset: {fileID: 0}
  m_GameObject: {fileID: 7124833663442862206}
  m_LocalRotation: {x: 0, y: 0, z: 0, w: 1}
  m_LocalPosition: {x: -5, y: 3.36, z: 0}
  m_LocalScale: {x: 1, y: 1, z: 1}
  m_Children:
  - {fileID: 7307872193862471697}
  m_Father: {fileID: 0}
  m_RootOrder: 0
  m_LocalEulerAnglesHint: {x: 0, y: 0, z: 0}
--- !u!114 &753941321509218439
MonoBehaviour:
  m_ObjectHideFlags: 0
  m_CorrespondingSourceObject: {fileID: 0}
  m_PrefabInstance: {fileID: 0}
  m_PrefabAsset: {fileID: 0}
  m_GameObject: {fileID: 7124833663442862206}
  m_Enabled: 1
  m_EditorHideFlags: 0
  m_Script: {fileID: 11500000, guid: 623bf1ac0f2dbf84ab26a36474f04d1d, type: 3}
  m_Name: 
  m_EditorClassIdentifier: 
  Espejos: []
  emission: {fileID: 2100000, guid: 6d4ff407ffc26454ca9e340d1d8b00c6, type: 2}
  normal: {fileID: 2100000, guid: 6301188def05c1242a191cb363ccbe2d, type: 2}
  isCompleted: 0
--- !u!95 &5849458881528876176
Animator:
  serializedVersion: 3
  m_ObjectHideFlags: 0
  m_CorrespondingSourceObject: {fileID: 0}
  m_PrefabInstance: {fileID: 0}
  m_PrefabAsset: {fileID: 0}
  m_GameObject: {fileID: 7124833663442862206}
  m_Enabled: 1
  m_Avatar: {fileID: 0}
  m_Controller: {fileID: 9100000, guid: 1f9e705f217f6be419355bf90901e3f1, type: 2}
  m_CullingMode: 0
  m_UpdateMode: 0
  m_ApplyRootMotion: 0
  m_LinearVelocityBlending: 0
  m_WarningMessage: 
  m_HasTransformHierarchy: 1
  m_AllowConstantClipSamplingOptimization: 1
  m_KeepAnimatorControllerStateOnDisable: 0
--- !u!65 &503539337156198636
BoxCollider:
  m_ObjectHideFlags: 0
  m_CorrespondingSourceObject: {fileID: 0}
  m_PrefabInstance: {fileID: 0}
  m_PrefabAsset: {fileID: 0}
  m_GameObject: {fileID: 7124833663442862206}
  m_Material: {fileID: 0}
  m_IsTrigger: 1
  m_Enabled: 1
  serializedVersion: 2
  m_Size: {x: 8.926156, y: 8.926155, z: 2}
  m_Center: {x: -0.0051522255, y: 0.0019423962, z: 0}
--- !u!65 &3423515021135647280
BoxCollider:
  m_ObjectHideFlags: 0
  m_CorrespondingSourceObject: {fileID: 0}
  m_PrefabInstance: {fileID: 0}
  m_PrefabAsset: {fileID: 0}
  m_GameObject: {fileID: 7935650021101324971}
  m_Material: {fileID: 0}
  m_IsTrigger: 0
  m_Enabled: 1
  serializedVersion: 2
  m_Size: {x: 8.926156, y: 8.926155, z: 1.650908}
  m_Center: {x: -0.0051522255, y: 0.0019423962, z: 0}
--- !u!1001 &7124833663784450042
PrefabInstance:
  m_ObjectHideFlags: 0
  serializedVersion: 2
  m_Modification:
    m_TransformParent: {fileID: 7124833663442862204}
    m_Modifications:
    - target: {fileID: -8679921383154817045, guid: 3b5a1e39c33633a4e96984d9e4eb37cf,
        type: 3}
      propertyPath: m_RootOrder
      value: 0
      objectReference: {fileID: 0}
    - target: {fileID: -8679921383154817045, guid: 3b5a1e39c33633a4e96984d9e4eb37cf,
        type: 3}
      propertyPath: m_LocalPosition.x
      value: 0
      objectReference: {fileID: 0}
    - target: {fileID: -8679921383154817045, guid: 3b5a1e39c33633a4e96984d9e4eb37cf,
        type: 3}
      propertyPath: m_LocalPosition.y
      value: 0
      objectReference: {fileID: 0}
    - target: {fileID: -8679921383154817045, guid: 3b5a1e39c33633a4e96984d9e4eb37cf,
        type: 3}
      propertyPath: m_LocalPosition.z
      value: 0
      objectReference: {fileID: 0}
    - target: {fileID: -8679921383154817045, guid: 3b5a1e39c33633a4e96984d9e4eb37cf,
        type: 3}
      propertyPath: m_LocalRotation.w
      value: 1
      objectReference: {fileID: 0}
    - target: {fileID: -8679921383154817045, guid: 3b5a1e39c33633a4e96984d9e4eb37cf,
        type: 3}
      propertyPath: m_LocalRotation.x
      value: -0
      objectReference: {fileID: 0}
    - target: {fileID: -8679921383154817045, guid: 3b5a1e39c33633a4e96984d9e4eb37cf,
        type: 3}
      propertyPath: m_LocalRotation.y
      value: -0
      objectReference: {fileID: 0}
    - target: {fileID: -8679921383154817045, guid: 3b5a1e39c33633a4e96984d9e4eb37cf,
        type: 3}
      propertyPath: m_LocalRotation.z
      value: -0
      objectReference: {fileID: 0}
    - target: {fileID: -8679921383154817045, guid: 3b5a1e39c33633a4e96984d9e4eb37cf,
        type: 3}
      propertyPath: m_LocalEulerAnglesHint.x
      value: 0
      objectReference: {fileID: 0}
    - target: {fileID: -8679921383154817045, guid: 3b5a1e39c33633a4e96984d9e4eb37cf,
        type: 3}
      propertyPath: m_LocalEulerAnglesHint.y
      value: 0
      objectReference: {fileID: 0}
    - target: {fileID: -8679921383154817045, guid: 3b5a1e39c33633a4e96984d9e4eb37cf,
        type: 3}
      propertyPath: m_LocalEulerAnglesHint.z
      value: 0
      objectReference: {fileID: 0}
    - target: {fileID: -7511558181221131132, guid: 3b5a1e39c33633a4e96984d9e4eb37cf,
        type: 3}
      propertyPath: m_Materials.Array.data[0]
      value: 
      objectReference: {fileID: 2100000, guid: de7e8e644f755084faf89413a8845727, type: 2}
    - target: {fileID: -4637605078551989095, guid: 3b5a1e39c33633a4e96984d9e4eb37cf,
        type: 3}
      propertyPath: m_Materials.Array.data[0]
      value: 
      objectReference: {fileID: 2100000, guid: 6301188def05c1242a191cb363ccbe2d, type: 2}
    - target: {fileID: 919132149155446097, guid: 3b5a1e39c33633a4e96984d9e4eb37cf,
        type: 3}
      propertyPath: m_Name
      value: Puerta_Chica
      objectReference: {fileID: 0}
    m_RemovedComponents: []
  m_SourcePrefab: {fileID: 100100000, guid: 3b5a1e39c33633a4e96984d9e4eb37cf, type: 3}
--- !u!1 &7935650021101324971 stripped
GameObject:
  m_CorrespondingSourceObject: {fileID: 919132149155446097, guid: 3b5a1e39c33633a4e96984d9e4eb37cf,
    type: 3}
  m_PrefabInstance: {fileID: 7124833663784450042}
  m_PrefabAsset: {fileID: 0}
--- !u!4 &7307872193862471697 stripped
Transform:
  m_CorrespondingSourceObject: {fileID: -8679921383154817045, guid: 3b5a1e39c33633a4e96984d9e4eb37cf,
    type: 3}
  m_PrefabInstance: {fileID: 7124833663784450042}
  m_PrefabAsset: {fileID: 0}
